<record><leader>00000cas a22000007a 4500</leader><controlfield tag="001">18896889</controlfield><controlfield tag="008">881214d18831885paudn ne      0    0eng d</controlfield><datafield ind1=" " ind2=" " tag="010"><subfield code="a">sn 89077694 </subfield></datafield><datafield ind1=" " ind2=" " tag="040"><subfield code="a">NPH</subfield><subfield code="b">eng</subfield><subfield code="c">NPH</subfield><subfield code="d">OCLCQ</subfield></datafield><datafield ind1=" " ind2=" " tag="042"><subfield code="a">msc</subfield></datafield><datafield ind1="0" ind2=" " tag="130"><subfield code="a">Morning herald (Reading, Pa. : 1883)</subfield></datafield><datafield ind1="1" ind2="4" tag="245"><subfield code="a">The morning herald.</subfield></datafield><datafield ind1="1" ind2="3" tag="246"><subfield code="a">Daily herald</subfield></datafield><datafield ind1="1" ind2="3" tag="246"><subfield code="a">Herald</subfield></datafield><datafield ind1=" " ind2=" " tag="260"><subfield code="a">Reading, Pa. :</subfield><subfield code="b">Buckwalter &amp; Dampman,</subfield><subfield code="c">1883-1885.</subfield></datafield><datafield ind1=" " ind2=" " tag="300"><subfield code="a">v. ;</subfield><subfield code="c">58 cm.</subfield></datafield><datafield ind1=" " ind2=" " tag="310"><subfield code="a">Daily (except Sun.)</subfield></datafield><datafield ind1="0" ind2=" " tag="362"><subfield code="a">Vol. 2, no. 275 (June 22, 1883)-v. 8, no. 72 (Apr. 16, 1885).</subfield></datafield><datafield ind1=" " ind2=" " tag="752"><subfield code="a">United States</subfield><subfield code="b">Pennsylvania</subfield><subfield code="c">Berks</subfield><subfield code="d">Reading.</subfield></datafield><datafield ind1="0" ind2="0" tag="780"><subfield code="t">Daily herald (Reading, Pa.)</subfield><subfield code="w">(DLC)sn 89077689</subfield></datafield><datafield ind1="0" ind2="0" tag="785"><subfield code="t">Herald (Reading, Pa.)</subfield><subfield code="w">(DLC)sn 89077695</subfield></datafield></record>